% Encoding: UTF-8

@Misc{Stanford-Clark,
  author       = {Dr. Andy Stanford-Clark and Arlen Nipper},
  howpublished = {\url{http://mqtt.org/}},
  title        = {{MQTT}},
}

@Comment{jabref-meta: databaseType:bibtex;}
